<collection xmlns="http://www.loc.gov/MARC21/slim">
<record>
  <leader>01730nam0a2200349 i 450 </leader>
  <controlfield tag="001">IT\ICCU\CNCE\070309</controlfield>
  <controlfield tag="005">20150930000000.0</controlfield>
  <datafield tag="012" ind1=" " ind2=" ">
    <subfield code="a">umra m?os rat. DiQu (C) 1535 (A)</subfield>
    <subfield code="2">fei</subfield>
  </datafield>
  <datafield tag="100" ind1=" " ind2=" ">
    <subfield code="a">20070418d1535        0itac0103    ba</subfield>
  </datafield>
  <datafield tag="101" ind1=" " ind2=" ">
    <subfield code="a">LAT</subfield>
  </datafield>
  <datafield tag="102" ind1=" " ind2=" ">
    <subfield code="a">IT</subfield>
  </datafield>
  <datafield tag="200" ind1="1" ind2=" ">
    <subfield code="a">Carmen de vita sanctae Mariae Magdalenae</subfield>
  </datafield>
  <datafield tag="210" ind1=" " ind2=" ">
    <subfield code="e">Impressum Florentiae</subfield>
    <subfield code="g">per Michaelem Angelum Bartholomei Florentini</subfield>
    <subfield code="h">die XXVII mensis Augusti 1535</subfield>
  </datafield>
  <datafield tag="215" ind1=" " ind2=" ">
    <subfield code="a">\14! c.</subfield>
    <subfield code="d">4ʻ</subfield>
  </datafield>
  <datafield tag="300" ind1=" " ind2=" ">
    <subfield code="a">Il nome dell&apos;autore si ricava dalla dedica, a c. 1v</subfield>
  </datafield>
  <datafield tag="620" ind1=" " ind2=" ">
    <subfield code="a">IT</subfield>
    <subfield code="d">Firenze</subfield>
  </datafield>
  <datafield tag="700" ind1=" " ind2="1">
    <subfield code="a">Ruinagia,</subfield>
    <subfield code="b">Alessandro</subfield>
    <subfield code="3">IT\ICCU\CNCA\015734</subfield>
  </datafield>
  <datafield tag="712" ind1="0" ind2="0">
    <subfield code="a">Libri, Michelangelo de&apos;</subfield>
    <subfield code="3">IT\ICCU\CNCT\002873</subfield>
    <subfield code="4">650</subfield>
  </datafield>
  <datafield tag="791" ind1="0" ind2="2">
    <subfield code="a">Michelangelo di Bartolomeo</subfield>
    <subfield code="3">IT\ICCU\CNCT\000324</subfield>
    <subfield code="z">Libri, Michelangelo de&apos;</subfield>
  </datafield>
  <datafield tag="791" ind1="0" ind2="2">
    <subfield code="a">M. di B. F.</subfield>
    <subfield code="3">IT\ICCU\CNCT\002369</subfield>
    <subfield code="z">Libri, Michelangelo de&apos;</subfield>
  </datafield>
  <datafield tag="791" ind1="0" ind2="2">
    <subfield code="a">M. di Bart. F.</subfield>
    <subfield code="3">IT\ICCU\CNCT\002370</subfield>
    <subfield code="z">Libri, Michelangelo de&apos;</subfield>
  </datafield>
  <datafield tag="791" ind1="0" ind2="0">
    <subfield code="a">Bartolomeo, Michele Angelo di</subfield>
    <subfield code="3">IT\ICCU\CNCT\002371</subfield>
    <subfield code="z">Libri, Michelangelo de&apos;</subfield>
  </datafield>
  <datafield tag="791" ind1="0" ind2="2">
    <subfield code="a">Michelangelo de&apos; Libri</subfield>
    <subfield code="3">IT\ICCU\CNCT\002372</subfield>
    <subfield code="z">Libri, Michelangelo de&apos;</subfield>
  </datafield>
  <datafield tag="791" ind1="0" ind2="2">
    <subfield code="a">Michelagnolo di Bart. di F.</subfield>
    <subfield code="3">IT\ICCU\CNCT\003276</subfield>
    <subfield code="z">Libri, Michelangelo de&apos;</subfield>
  </datafield>
  <datafield tag="791" ind1="0" ind2="2">
    <subfield code="a">Michael Angelus Bartholomei</subfield>
    <subfield code="3">IT\ICCU\CNCT\004961</subfield>
    <subfield code="z">Libri, Michelangelo de&apos;</subfield>
  </datafield>
  <datafield tag="801" ind1=" " ind2="3">
    <subfield code="a">IT</subfield>
    <subfield code="b">ICCU</subfield>
    <subfield code="c">20201115</subfield>
  </datafield>
  <datafield tag="899" ind1=" " ind2=" ">
    <subfield code="a">Biblioteca universitaria. Bologna</subfield>
    <subfield code="1">BO0098</subfield>
    <subfield code="2">UBO BU</subfield>
  </datafield>
  <datafield tag="899" ind1=" " ind2=" ">
    <subfield code="a">Biblioteca comunale Passerini Landi. Piacenza</subfield>
    <subfield code="1">PC0030</subfield>
    <subfield code="2">PIA PL</subfield>
  </datafield>
  <datafield tag="899" ind1=" " ind2=" ">
    <subfield code="a">Biblioteca Palatina. Parma</subfield>
    <subfield code="1">PR0072</subfield>
    <subfield code="2">PAR PA</subfield>
  </datafield>
  <datafield tag="899" ind1=" " ind2=" ">
    <subfield code="a">British Library. London</subfield>
    <subfield code="1">UK0001</subfield>
  </datafield>
  <datafield tag="911" ind1=" " ind2=" ">
    <subfield code="a">Nel coloph.</subfield>
    <subfield code="9">IT\ICCU\CNCM\002305</subfield>
  </datafield>
  <datafield tag="921" ind1=" " ind2=" ">
    <subfield code="a">IT\ICCU\CNCM\002305</subfield>
    <subfield code="b">S. Michele con spada e bilancia, all&apos;interno di iniziale B.</subfield>
    <subfield code="c">U836</subfield>
    <subfield code="f">S.MICHELE</subfield>
    <subfield code="f">SPADA</subfield>
    <subfield code="f">BILANCIA</subfield>
    <subfield code="f">B</subfield>
    <subfield code="g">1528-1535</subfield>
  </datafield>
</record>
</collection>
